@article{buckton2019discourse,
  title={A discourse network analysis of {UK} newspaper coverage of the ``sugar tax'' debate before and after the announcement of the {S}oft {D}rinks {I}ndustry {L}evy},
  author={Buckton, Christina H. and Fergie, Gillian and Leifeld, Philip and Hilton, Shona},
  journal={BMC Public Health},
  volume={19},
  number={1},
  pages={490},
  year={2019},
  publisher={BioMed Central},
  note={\url{https://doi.org/10.1186/s12889-019-6799-9}}
}

@article{fergie2019mapping,
  title={Mapping discourse coalitions in the {M}inimum {U}nit {P}ricing for alcohol debate: A discourse network analysis of {UK} newspaper coverage},
  author={Fergie, Gillian and Leifeld, Philip and Hawkins, Ben and Hilton, Shona},
  journal={Addiction},
  volume={114},
  number={4},
  pages={741--753},
  year={2019},
  publisher={Wiley Online Library},
  note={\url{https://doi.org/10.1111/add.14514}}
}

@article{hilton2020policy,
  title={Policy congruence and advocacy strategies in the discourse networks of {M}inimum {U}nit {P}ricing for alcohol and the {S}oft {D}rinks {I}ndustry {L}evy},
  author={Hilton, Shona and Buckton, Christina H. and Henrichsen, Tim and Fergie, Gillian and Leifeld, Philip},
  journal={Addiction},
  year={2020},
  publisher={Wiley Online Library},
  note={Forthcoming: \url{https://doi.org/10.1111/add.15068}}
}
