@article{leifeld2013texreg,
  title={texreg: Conversion of Statistical Model Output in \texttt{R} to {\LaTeX} and \texttt{HTML} Tables},
  author={Leifeld, Philip},
  journal={Journal of Statistical Software},
  volume={55},
  number={8},
  pages={1--24},
  year={2013}
}

@article{towfigh2016direct,
  title={Do Direct-Democratic Procedures Lead to Higher Acceptance than Political Representation?},
  author={Towfigh, Emanuel V. and Goerg, Sebastian J. and Gl{\"o}ckner, Andreas and Leifeld, Philip and Llorente-Saguer, Aniol and Bade, Sophie and Kurschilgen, Carlos},
  journal={Public Choice},
  volume={167},
  number={1--2},
  pages={47--65},
  year={2016}
}
